<?xml version="1.0" encoding="UTF-8"?><collection xmlns="http://www.loc.gov/MARC21/slim"><record><leader>00436nam--2200169-u-4500</leader><controlfield tag="001">000050556</controlfield><controlfield tag="002">20161230</controlfield><controlfield tag="005">20161230201048</controlfield><controlfield tag="008">070912s1000------------r-----000-0-eng-d</controlfield><datafield ind1=" " ind2=" " tag="040"><subfield code="a">IFIN-HH</subfield></datafield><datafield ind1=" " ind2=" " tag="041"><subfield code="a">rus</subfield></datafield><datafield ind1="1" ind2=" " tag="100"><subfield code="a">Gelfand,I.M. i Golovin,O.N</subfield></datafield><datafield ind1="1" ind2="0" tag="245"><subfield code="a">Trudy Moskovskogo Matematicheskogo Obshchestva</subfield></datafield><datafield ind1=" " ind2=" " tag="260"><subfield code="a">Moskva</subfield><subfield code="b">Gosudarstvennoe Izdatelstvo</subfield><subfield code="c">1952</subfield></datafield><datafield ind1=" " ind2=" " tag="300"><subfield code="a">475 p</subfield></datafield><datafield ind1=" " ind2=" " tag="852"><subfield code="c">51</subfield></datafield><datafield ind1=" " ind2=" " tag="CAT"><subfield code="a">Sys</subfield><subfield code="c">20070912</subfield><subfield code="h">140408</subfield></datafield></record></collection>